<?xml version="1.0" encoding="UTF-8"?><collection xmlns="http://www.loc.gov/MARC21/slim"><record><leader>00593nam--2200181-i-4500</leader><controlfield tag="001">000018504</controlfield><controlfield tag="002">20161230</controlfield><controlfield tag="005">20161230201032</controlfield><controlfield tag="008">060222s1000------------r-----000-0-eng-d</controlfield><datafield ind1=" " ind2=" " tag="040"><subfield code="a">IFIN-HH</subfield></datafield><datafield ind1=" " ind2=" " tag="080"><subfield code="a">538.915(061.3):538.935(061.3)</subfield></datafield><datafield ind1="1" ind2=" " tag="100"><subfield code="a">Harrison, W.A</subfield></datafield><datafield ind1="1" ind2="0" tag="245"><subfield code="a">The fermi surface</subfield><subfield code="b">Proceedings of an international conference held at cooperstown, new york, on august 22-24, 1960</subfield><subfield code="c">W.a. harrison, m.b. webb (eds.)</subfield></datafield><datafield ind1=" " ind2=" " tag="260"><subfield code="a">New York</subfield><subfield code="b">John Wiley &amp; Sons, Inc</subfield><subfield code="c">1960</subfield></datafield><datafield ind1=" " ind2=" " tag="300"><subfield code="a">XVI + 356 P</subfield></datafield><datafield ind1="1" ind2=" " tag="700"><subfield code="a">Webb, M.B</subfield><subfield code="e">Ed</subfield></datafield><datafield ind1=" " ind2=" " tag="852"><subfield code="a">13502</subfield><subfield code="c">539.2</subfield></datafield><datafield ind1=" " ind2=" " tag="CAT"><subfield code="a">Sys</subfield><subfield code="c">20121003</subfield><subfield code="h">131258</subfield></datafield></record></collection>